<?xml version="1.0" encoding="UTF-8"?><collection xmlns="http://www.loc.gov/MARC21/slim"><record><leader>00571nam--2200169-i-4500</leader><controlfield tag="001">000038268</controlfield><controlfield tag="002">20161230</controlfield><controlfield tag="005">20161230201041</controlfield><controlfield tag="008">060222s1000------------r-----000-0-eng-d</controlfield><datafield ind1=" " ind2=" " tag="040"><subfield code="a">IFIN-HH</subfield></datafield><datafield ind1=" " ind2=" " tag="080"><subfield code="a">531.19(061.3)</subfield></datafield><datafield ind1="1" ind2=" " tag="110"><subfield code="a">Central Institute Of Physics, Bucharest</subfield></datafield><datafield ind1="1" ind2="0" tag="245"><subfield code="a">Recent advances in statistical mechanics. proceedings</subfield><subfield code="b">Brasov, international school august-september 1979 director of the school a. corciovei</subfield></datafield><datafield ind1=" " ind2=" " tag="260"><subfield code="a">Bucharest</subfield><subfield code="b">Central Institute Of Physics</subfield><subfield code="c">1979</subfield></datafield><datafield ind1=" " ind2=" " tag="300"><subfield code="a">IX + 705 P</subfield></datafield><datafield ind1=" " ind2=" " tag="852"><subfield code="a">48367</subfield><subfield code="c">531</subfield></datafield><datafield ind1=" " ind2=" " tag="CAT"><subfield code="a">Sys</subfield><subfield code="c">20120730</subfield><subfield code="h">105321</subfield></datafield></record></collection>